@article{Stoler2007,
author = {Stoler, Max Samuel},
file = {:Users/ColossusMini/Library/Application Support/Mendeley Desktop/Downloaded/Stoler - 2007 - Re-engineering the Enigma Cipher.pdf:pdf},
title = {{Re-engineering the Enigma Cipher}},
year = {2007}
}
@misc{,
booktitle = {Britanica},
title = {{Enigma -- Britannica Academic}},
url = {http://academic.eb.com.ezphost.dur.ac.uk/levels/collegiate/article/32677}
}
@misc{,
title = {{The Turing Bombe - Cribs and Menus}},
url = {http://www.ellsbury.com/{\%}5C/bombe1.htm},
urldate = {2017-02-07}
}
